<record><leader>00000cas a22000007a 4500</leader><controlfield tag="001">9708344</controlfield><controlfield tag="008">830715d18601868maucr ne      0    0eng d</controlfield><datafield ind1=" " ind2=" " tag="010"><subfield code="a">sn 83021013 </subfield></datafield><datafield ind1=" " ind2=" " tag="040"><subfield code="a">NPX</subfield><subfield code="b">eng</subfield><subfield code="c">NPX</subfield><subfield code="d">NPU</subfield><subfield code="d">DLC</subfield><subfield code="d">MGN</subfield><subfield code="d">CNK</subfield><subfield code="d">CNW</subfield><subfield code="d">OCL</subfield><subfield code="d">OCLCG</subfield><subfield code="d">OCLCF</subfield><subfield code="d">OCLCO</subfield></datafield><datafield ind1="1" ind2=" " tag="029"><subfield code="a">AU@</subfield><subfield code="b">000025799883</subfield></datafield><datafield ind1=" " ind2=" " tag="042"><subfield code="a">msc</subfield></datafield><datafield ind1=" " ind2=" " tag="043"><subfield code="a">n-us-ma</subfield></datafield><datafield ind1="0" ind2="0" tag="050"><subfield code="a">Newspaper 8346</subfield></datafield><datafield ind1="0" ind2=" " tag="130"><subfield code="a">Northampton free press (Northampton, Mass. : 1860)</subfield></datafield><datafield ind1="0" ind2="0" tag="245"><subfield code="a">Northampton free press.</subfield></datafield><datafield ind1="1" ind2="3" tag="246"><subfield code="a">Free press semi-weekly</subfield></datafield><datafield ind1=" " ind2=" " tag="260"><subfield code="a">Northampton, Mass. :</subfield><subfield code="b">Henry M. Burt,</subfield><subfield code="c">1860-1868.</subfield></datafield><datafield ind1=" " ind2=" " tag="300"><subfield code="a">v. ;</subfield><subfield code="c">52-60 cm.</subfield></datafield><datafield ind1=" " ind2=" " tag="310"><subfield code="a">Semiweekly</subfield></datafield><datafield ind1="0" ind2=" " tag="362"><subfield code="a">Vol. 1, no. 1 (Apr. 13, 1860)-v. 9, no. 64 (Dec. 1, 1868).</subfield></datafield><datafield ind1=" " ind2=" " tag="500"><subfield code="a">Publishers: Burt &amp; Lyman, Apr. 10, 1863-Aug. 23, 1864; Henry M. Burt, Aug. 28, 1864-Dec. 9, 1864; Albert R. Parsons, Dec. 13, 1864-1868.</subfield></datafield><datafield ind1=" " ind2=" " tag="515"><subfield code="a">Vol. 2, no. 1 (Apr. 12, 1861)-v. 9, no. 64 (Dec. 1, 1868) called also whole no. 105-whole no. 893.</subfield></datafield><datafield ind1=" " ind2=" " tag="500"><subfield code="a">Editors: H.M. Burt, 1860-1864; C.H. Lyman, 1863-1864; A.R. Parsons, 1864-1868.</subfield></datafield><datafield ind1=" " ind2="0" tag="651"><subfield code="a">Northampton (Mass.)</subfield><subfield code="v">Newspapers.</subfield></datafield><datafield ind1=" " ind2="7" tag="655"><subfield code="a">Newspapers.</subfield><subfield code="2">fast</subfield><subfield code="0">(OCoLC)fst01423814</subfield></datafield><datafield ind1=" " ind2="7" tag="651"><subfield code="a">Massachusetts</subfield><subfield code="z">Northampton.</subfield><subfield code="2">fast</subfield><subfield code="0">(OCoLC)fst01206054</subfield></datafield><datafield ind1="1" ind2=" " tag="700"><subfield code="a">Burt, Henry M.</subfield><subfield code="q">(Henry Martyn),</subfield><subfield code="d">1831-1899.</subfield></datafield><datafield ind1=" " ind2=" " tag="752"><subfield code="a">United States</subfield><subfield code="b">Massachusetts</subfield><subfield code="c">Hampshire</subfield><subfield code="d">Northampton.</subfield></datafield><datafield ind1="0" ind2="0" tag="785"><subfield code="t">Northampton semi-weekly free press</subfield><subfield code="w">(DLC)sn 83021014</subfield></datafield></record>